<?xml version="1.0" encoding="UTF-8"?>
<collection xmlns:xsi="http://www.w3.org/2001/XMLSchema-instance" xsi:schemaLocation="http://www.loc.gov/MARC21/slim http://www.loc.gov/standards/marcxml/schema/MARC21slim.xsd" xmlns="http://www.loc.gov/MARC21/slim">
<record>
  <leader>00758cam a22002291  4500</leader>
  <controlfield tag="001">2687061</controlfield>
  <controlfield tag="003">NNC</controlfield>
  <controlfield tag="005">20160121235501.0</controlfield>
  <controlfield tag="008">000928s1954    le            000 0 ara d</controlfield>
  <datafield tag="035" ind1=" " ind2=" ">
    <subfield code="a">(OCoLC)ocm45090298</subfield>
  </datafield>
  <datafield tag="035" ind1=" " ind2=" ">
    <subfield code="9">ARD6689CU</subfield>
  </datafield>
  <datafield tag="035" ind1=" " ind2=" ">
    <subfield code="a">(NNC)2687061</subfield>
  </datafield>
  <datafield tag="040" ind1=" " ind2=" ">
    <subfield code="a">ZCU</subfield>
    <subfield code="c">ZCU</subfield>
  </datafield>
  <datafield tag="099" ind1=" " ind2=" ">
    <subfield code="a">956.9</subfield>
    <subfield code="a">Q25</subfield>
  </datafield>
  <datafield tag="100" ind1="1" ind2=" ">
    <subfield code="a">Qalʻajī, Qadrī.</subfield>
  </datafield>
  <datafield tag="245" ind1="1" ind2="3">
    <subfield code="a">al-Sābiqūn:</subfield>
    <subfield code="b">ʻAbd al-Raḥmān al-Kawākibī, Ṭāhir al-Jazāʾirī, ʻAbd al-Ḥamīd al-Ẓahrāwī, Amīn al-Rīḥānī, ʻUmar Fākhūrī.</subfield>
  </datafield>
  <datafield tag="260" ind1=" " ind2=" ">
    <subfield code="a">Bayrūt :</subfield>
    <subfield code="b">Dār al-ʻIlm lil-Malāyīn</subfield>
    <subfield code="c">1954</subfield>
  </datafield>
  <datafield tag="300" ind1=" " ind2=" ">
    <subfield code="a">112 p.</subfield>
  </datafield>
  <datafield tag="490" ind1="1" ind2=" ">
    <subfield code="a">Aʻlām al-ḥurrīyah ;</subfield>
    <subfield code="v">14</subfield>
  </datafield>
  <datafield tag="650" ind1=" " ind2="0">
    <subfield code="a">Authors, Arab.</subfield>
  </datafield>
  <datafield tag="830" ind1=" " ind2="0">
    <subfield code="a">Silsilat aʻlām al-ḥurrīyah ;</subfield>
    <subfield code="v">14.</subfield>
  </datafield>
  <datafield tag="955" ind1=" " ind2=" ">
    <subfield code="b">0039079228</subfield>
    <subfield code="d">glx</subfield>
    <subfield code="e">956.9 Q25</subfield>
  </datafield>
</record>
</collection>